@book{vieira2006introdução,
  title={Introdu{\c{c}}{\~a}o aos fundamentos da computa{\c{c}}{\~a}o: Linguagens e m{\'a}quinas},
  author={Vieira, N.J.},
  isbn={9788522105083},
  url={https://books.google.com.br/books?id=62ieMQAACAAJ},
  year={2006},
  publisher={Pioneira Thomson Learning}
}

@article{2nf:Lange,
author = {Lange, Martin and Leiß, Hans},
year = {2009},
month = {01},
pages = {},
title = {To CNF or not to CNF? An Efficient Yet Presentable Version of the CYK Algorithm.},
volume = {8},
journal = {Informatica Didactica}
}